@article{chaplot2018active,
  title   = {Active neural localization},
  author  = {Chaplot, Devendra Singh and Parisotto, Emilio and Salakhutdinov, Ruslan},
  journal = {arXiv preprint arXiv:1801.08214},
  year    = {2018}
}

@article{hafting2005microstructure,
  title     = {Microstructure of a spatial map in the entorhinal cortex},
  author    = {Hafting, Torkel and Fyhn, Marianne and Molden, Sturla and Moser, May-Britt and Moser, Edvard I},
  journal   = {Nature},
  volume    = {436},
  number    = {7052},
  pages     = {801--806},
  year      = {2005},
  publisher = {Nature Publishing Group UK London}
}

@misc{sourcecode,
  author = {Tymur Mykhalievskyi},
  title  = {Source Code for Seminar Project},
  year   = {2025},
  url    = {https://github.com/GAtemROU/rnn-path-integration}
}